<collection xmlns="http://www.loc.gov/MARC21/slim"><record><leader>00961nam  2200265   450</leader><controlfield tag="001">1001</controlfield><controlfield tag="003">http://montalegre.opacnet.com/OPAC/default.aspx?ContentAreaControl=ShowRegHoldings.ascx&amp;RegNo=16662</controlfield><datafield tag="100" ind1=" " ind2=" "><subfield code="a">20050209d1976----m  y0pora010305  ba</subfield></datafield><datafield tag="101" ind1="1" ind2=" "><subfield code="a">por</subfield><subfield code="c">spa</subfield></datafield><datafield tag="102" ind1=" " ind2=" "><subfield code="a">PT</subfield></datafield><datafield tag="200" ind1="1" ind2=" "><subfield code="a">Heptameron</subfield><subfield code="f">Margarida de Navarra</subfield><subfield code="g">trad. Luíza Neto Jorge, Manuel João Gomes</subfield></datafield><datafield tag="210" ind1=" " ind2=" "><subfield code="a">Lisboa</subfield><subfield code="c">Estampa</subfield><subfield code="d">1976</subfield></datafield><datafield tag="215" ind1=" " ind2=" "><subfield code="a">3 vol.</subfield><subfield code="d">19 cm</subfield></datafield><datafield tag="225" ind1="2" ind2=" "><subfield code="a">Biblioteca clássica</subfield><subfield code="v">4</subfield></datafield><datafield tag="300" ind1=" " ind2=" "><subfield code="a">Heptameron</subfield></datafield><datafield tag="675" ind1=" " ind2=" "><subfield code="a">860</subfield><subfield code="v">med</subfield><subfield code="z">por</subfield></datafield><datafield tag="700" ind1=" " ind2="0"><subfield code="a">Margarida de Navarra</subfield><subfield code="f">1492-1549</subfield></datafield><datafield tag="702" ind1=" " ind2="1"><subfield code="a">Jorge</subfield><subfield code="b">Luísa Neto</subfield><subfield code="f">1939-1989</subfield><subfield code="4">730</subfield></datafield><datafield tag="702" ind1=" " ind2="1"><subfield code="a">Gomes</subfield><subfield code="b">Manuel João</subfield><subfield code="4">730</subfield></datafield><datafield tag="801" ind1=" " ind2="0"><subfield code="a">PT</subfield><subfield code="b">Biblioteca Municipal de Montalegre</subfield><subfield code="g">RPC</subfield></datafield><datafield tag="856" ind1=" " ind2=" "><subfield code="u">locateMedia.asp?cod=20060705163510&amp;ext=jpg</subfield><subfield code="z">CAPA</subfield></datafield><datafield tag="856" ind1=" " ind2=" "><subfield code="u">locateMedia.asp?cod=20060705163550&amp;ext=jpg</subfield><subfield code="z">CAPA</subfield></datafield><datafield tag="856" ind1=" " ind2=" "><subfield code="u">locateMedia.asp?cod=20060705163637&amp;ext=jpg</subfield><subfield code="z">CAPA</subfield></datafield><datafield tag="909" ind1="&#9;" ind2=" "><subfield code="a">3</subfield></datafield><datafield tag="966" ind1=" " ind2=" "><subfield code="a">0008921</subfield><subfield code="l">BMM</subfield><subfield code="s">SCG 821 NAV hep 4</subfield></datafield><datafield tag="966" ind1=" " ind2=" "><subfield code="a">0008922</subfield><subfield code="l">BMM</subfield><subfield code="s">SCG 821 NAV hep 4</subfield></datafield><datafield tag="966" ind1=" " ind2=" "><subfield code="a">0008923</subfield><subfield code="l">BMM</subfield><subfield code="s">SCG 821 NAV hep 4</subfield></datafield></record></collection>